@book{tornhillXrays,
  author    = {Adam Tornhill},
  title     = {Software Design X-Rays},
  year      = {2018},
  isbn      = {9781680502725},
  edition   = {1st},
  publisher = {Pragmatic Bookshelf}
}
